<?xml version="1.0" encoding="UTF-8"?>
<collection xmlns:xsi="http://www.w3.org/2001/XMLSchema-instance" xsi:schemaLocation="http://www.loc.gov/MARC21/slim http://www.loc.gov/standards/marcxml/schema/MARC21slim.xsd" xmlns="http://www.loc.gov/MARC21/slim">
<record>
  <leader>02010cam a22003851  4500</leader>
  <controlfield tag="001">2664329</controlfield>
  <controlfield tag="003">NNC</controlfield>
  <controlfield tag="005">20140126214202.0</controlfield>
  <controlfield tag="008">870224m19701974iq h     b    000 0 ara  </controlfield>
  <datafield tag="010" ind1=" " ind2=" ">
    <subfield code="a">   71962714 /NE</subfield>
  </datafield>
  <datafield tag="035" ind1=" " ind2=" ">
    <subfield code="a">(OCoLC)15233093</subfield>
  </datafield>
  <datafield tag="035" ind1=" " ind2=" ">
    <subfield code="a">(OCoLC)ocm15233093</subfield>
  </datafield>
  <datafield tag="035" ind1=" " ind2=" ">
    <subfield code="9">ARB1848CU</subfield>
  </datafield>
  <datafield tag="035" ind1=" " ind2=" ">
    <subfield code="a">(NNC)2664329</subfield>
  </datafield>
  <datafield tag="040" ind1=" " ind2=" ">
    <subfield code="a">DLC</subfield>
    <subfield code="c">WaU</subfield>
    <subfield code="d">WaU</subfield>
    <subfield code="d">CU</subfield>
    <subfield code="d">CStRLIN</subfield>
    <subfield code="d">CtY</subfield>
    <subfield code="d">UkOxU</subfield>
  </datafield>
  <datafield tag="050" ind1="0" ind2=" ">
    <subfield code="a">BP165</subfield>
    <subfield code="b">.S57</subfield>
  </datafield>
  <datafield tag="066" ind1=" " ind2=" ">
    <subfield code="c">(3</subfield>
  </datafield>
  <datafield tag="090" ind1=" " ind2=" ">
    <subfield code="a">Arab.</subfield>
    <subfield code="b">d.4391</subfield>
  </datafield>
  <datafield tag="100" ind1="1" ind2=" ">
    <subfield code="6">880-01</subfield>
    <subfield code="a">Simanānī, ʻAlī ibn Muḥammad,</subfield>
    <subfield code="d">-1106.</subfield>
  </datafield>
  <datafield tag="245" ind1="1" ind2="0">
    <subfield code="6">880-02</subfield>
    <subfield code="a">Rawḍat al-quḍāh wa-ṭarīq al-najāh /</subfield>
    <subfield code="c">li-Abī al-Qāsim ʻAlī ibn Muḥammad ibn Aḥmad al-Raḥbī al-Simnānī ; ḥaqqaqahā wa-qaddama laha wa-tarjama li-muṣannifihā Ṣalāḥ al-Dīn al-Nāhī.</subfield>
  </datafield>
  <datafield tag="260" ind1=" " ind2=" ">
    <subfield code="6">880-03</subfield>
    <subfield code="a">Baghdād :</subfield>
    <subfield code="b">Maṭbaʻat Asʻad,</subfield>
    <subfield code="c">1970-</subfield>
  </datafield>
  <datafield tag="300" ind1=" " ind2=" ">
    <subfield code="a">v. :</subfield>
    <subfield code="b">facsims. ;</subfield>
    <subfield code="c">26 cm.</subfield>
  </datafield>
  <datafield tag="490" ind1="1" ind2=" ">
    <subfield code="6">880-04</subfield>
    <subfield code="a">Dirāsāt Islāmīyah.</subfield>
    <subfield code="a">Ahamm al-makhṭūṭat al-fiqhīyah ;</subfield>
    <subfield code="v">4</subfield>
  </datafield>
  <datafield tag="504" ind1=" " ind2=" ">
    <subfield code="a">Includes bibliographies.</subfield>
  </datafield>
  <datafield tag="650" ind1=" " ind2="0">
    <subfield code="a">Justice, Administration of (Islamic law)</subfield>
  </datafield>
  <datafield tag="700" ind1="1" ind2=" ">
    <subfield code="6">880-05</subfield>
    <subfield code="a">Nāhī, Ṣalāḥ al-Dīn ʻAbd al-Laṭīf.</subfield>
  </datafield>
  <datafield tag="800" ind1="1" ind2=" ">
    <subfield code="6">880-06</subfield>
    <subfield code="a">Badawī, ʻAbd al-Raḥmān.</subfield>
    <subfield code="t">Dirāsāt Islāmīyah.</subfield>
    <subfield code="p">Ahamm al-makhṭūṭat al-fiqhīyah ;</subfield>
    <subfield code="v">4.</subfield>
  </datafield>
  <datafield tag="880" ind1="1" ind2=" ">
    <subfield code="6">100-01/(3/r</subfield>
    <subfield code="a">سمناني، علي بن محمد,</subfield>
    <subfield code="d">-1106.</subfield>
  </datafield>
  <datafield tag="880" ind1="1" ind2="0">
    <subfield code="6">245-02/(3/r</subfield>
    <subfield code="a">روضة القضاة وطريق النجاة /</subfield>
    <subfield code="c">لأبي القاسم علي بن محمد بن أحمد الرحبي السمناني ؛ حققها وقدم لها وترجم لمصنفها صلاح الدين الناهي.</subfield>
  </datafield>
  <datafield tag="880" ind1=" " ind2=" ">
    <subfield code="6">260-03/(3/r</subfield>
    <subfield code="a">بغداد :</subfield>
    <subfield code="b">مطبعة أسعد،</subfield>
    <subfield code="c">١٩٧٠-</subfield>
  </datafield>
  <datafield tag="880" ind1="1" ind2=" ">
    <subfield code="6">490-04/(3/r</subfield>
    <subfield code="a">دراسات إسلامية.</subfield>
    <subfield code="a">أهم المخطوطات الفقهية ؛</subfield>
    <subfield code="v">٤</subfield>
  </datafield>
  <datafield tag="880" ind1="1" ind2=" ">
    <subfield code="6">700-05/(3/r</subfield>
    <subfield code="a">ناهي، صلاح الدين عبد اللطيف.</subfield>
  </datafield>
  <datafield tag="880" ind1=" " ind2="0">
    <subfield code="6">830-06/(3/r</subfield>
    <subfield code="a">دراسات إسلامية.</subfield>
    <subfield code="p">أهم المخطوطات الفقهية ؛</subfield>
    <subfield code="v">٤.</subfield>
  </datafield>
  <datafield tag="955" ind1=" " ind2=" ">
    <subfield code="b">0036759503</subfield>
    <subfield code="d">glx</subfield>
    <subfield code="e">KBL .S54</subfield>
    <subfield code="v">v.1</subfield>
  </datafield>
</record>
</collection>